@book{railway_book,
    author = {Joern Pachl}, 
    title = {Railway Operation and Control},
    publisher = {VTD Rail Publishing},
    year = 2002,
    edition = 1,
    isbn = {0971991510}
}
@misc{assignments,
    author = {Simon {Van Mierlo} and Hans Vangheluwe}, 
    title = {Assignments Domain-Specific Modelling},
    year = 2015,
    howpublished = {\url{http://msdl.cs.mcgill.ca/people/hv/teaching/MSBDesign/201516/assignments/}}
}
@misc{atompm,
    title = {AToMPM Homepage},
    howpublished = {\url{https://atompm.github.io/}}
}
@misc{atompm_docs,
    title = {AToMPM Documentation},
    howpublished = {\url{https://msdl.uantwerpen.be/documentation/AToMPM//}}
}
@misc{unity,
    title = {Unity Homepage},
    howpublished = {\url{https://unity3d.com/}}
}
@manual{lola,
    title = {LoLA: a Low Level Petri net Analyzer},
    author = {Karsten Schmidt},
    month = {September},
    year = 2000
}